<?xml version="1.0" encoding="UTF-8"?>
<record xmlns="http://www.loc.gov/MARC21/slim" xmlns:xsi="http://www.w3.org/2001/XMLSchema-instance" xsi:schemaLocation="http://www.loc.gov/MARC21/slim http://www.loc.gov/standards/marcxml/schema/MARC21slim.xsd">
<leader>     cam a2200217 a 4500</leader>
<controlfield tag="001">001680644</controlfield>
<controlfield tag="003">NNU</controlfield>
<controlfield tag="005">20001218224751.0</controlfield>
<controlfield tag="008">810727q19001981ua            000 0 araod</controlfield>
<datafield tag="020" ind1=" " ind2=" ">
<subfield code="a">9777308280</subfield>
</datafield>
<datafield tag="025" ind1=" " ind2=" ">
<subfield code="a">80961154</subfield>
</datafield>
<datafield tag="035" ind1="9" ind2=" ">
<subfield code="a">NYUb12224047</subfield>
</datafield>
<datafield tag="035" ind1=" " ind2=" ">
<subfield code="a">(CStRLIN)MIUG25783130-B</subfield>
</datafield>
<datafield tag="040" ind1=" " ind2=" ">
<subfield code="a">MiU</subfield>
<subfield code="c">MiU</subfield>
</datafield>
<datafield tag="100" ind1="1" ind2=" ">
<subfield code="a">Fawzī, Jamāl.</subfield>
</datafield>
<datafield tag="245" ind1="1" ind2="3">
<subfield code="a">al-Ṣabr wa-al-thabāt :</subfield>
<subfield code="b">nafathāt mujāhid fī sabīl Allāh : dīwān shiʻr /</subfield>
<subfield code="c">Jamāl Fawzī.</subfield>
</datafield>
<datafield tag="260" ind1=" " ind2=" ">
<subfield code="a">ʻĀbdīn :</subfield>
<subfield code="b">Dār al-Ạnṣār</subfield>
<subfield code="c">[19--]</subfield>
</datafield>
<datafield tag="300" ind1=" " ind2=" ">
<subfield code="a">160 p. ;</subfield>
<subfield code="c">18 cm.</subfield>
</datafield>
<datafield tag="500" ind1=" " ind2=" ">
<subfield code="a">Errata leaves inserted.</subfield>
</datafield>
<datafield tag="OWN" ind1=" " ind2=" ">
<subfield code="a">GENERAL</subfield>
</datafield>
<datafield tag="950" ind1=" " ind2=" ">
<subfield code="l">BMAIN</subfield>
<subfield code="a">PJ7824.A921</subfield>
<subfield code="b">S2 1978</subfield>
</datafield>
<datafield tag="955" ind1=" " ind2=" ">
<subfield code="l">BMAIN</subfield>
<subfield code="c">1</subfield>
<subfield code="r">028852245</subfield>
</datafield>
<datafield tag="998" ind1=" " ind2=" ">
<subfield code="s">9114</subfield>
</datafield>
<datafield tag="AVA" ind1=" " ind2=" ">
<subfield code="a">NYU50</subfield>
<subfield code="b">BOBST</subfield>
<subfield code="c">Main Collection</subfield>
<subfield code="d">PJ7824.A921 S2 1978</subfield>
<subfield code="e">unavailable</subfield>
<subfield code="t">Unavailable</subfield>
<subfield code="f">1</subfield>
<subfield code="g">1</subfield>
<subfield code="h">N</subfield>
<subfield code="i">0</subfield>
<subfield code="j">MAIN</subfield>
</datafield>
</record>
